<?xml version="1.0" encoding="UTF-8"?><collection xmlns="http://www.loc.gov/MARC21/slim"><record><leader>00570nam--2200169-i-4500</leader><controlfield tag="001">000008856</controlfield><controlfield tag="002">20161230</controlfield><controlfield tag="005">20161230201028</controlfield><controlfield tag="008">060222s1000------------r-----000-0-eng-d</controlfield><datafield ind1=" " ind2=" " tag="040"><subfield code="a">IFIN-HH</subfield></datafield><datafield ind1=" " ind2=" " tag="080"><subfield code="a">539.232(043)</subfield></datafield><datafield ind1="1" ind2=" " tag="100"><subfield code="a">Garcia, E.A</subfield></datafield><datafield ind1="1" ind2="0" tag="245"><subfield code="a">RELACION ENTRE LOS MECANISMOS DE CRECIMIENTO DEL FILM DE OXIDO Y LA DISOLUCION DEL OXIGENO EN EL METAL SUBYACENTE DURANTE LA OXIDACION DE TITANIO ENTRE 650 Y 950c</subfield></datafield><datafield ind1=" " ind2=" " tag="260"><subfield code="a">Buenos Aires</subfield><subfield code="b">Comision National De Energia Atomica</subfield><subfield code="c">1982</subfield></datafield><datafield ind1=" " ind2=" " tag="300"><subfield code="a">68P</subfield></datafield><datafield ind1=" " ind2=" " tag="852"><subfield code="a">71874</subfield><subfield code="c">539.23</subfield></datafield><datafield ind1=" " ind2=" " tag="CAT"><subfield code="a">Sys</subfield><subfield code="c">20121218</subfield><subfield code="h">170159</subfield></datafield></record></collection>